<record><leader>00000cas a2200000 a 4500</leader><controlfield tag="001">16171477</controlfield><controlfield tag="008">870714c19uu9999hiuwn ne     f0   a0eng d</controlfield><datafield ind1=" " ind2=" " tag="010"><subfield code="a">sn 88099781 </subfield></datafield><datafield ind1=" " ind2=" " tag="040"><subfield code="a">HUH</subfield><subfield code="b">eng</subfield><subfield code="c">HUH</subfield><subfield code="d">HWN</subfield><subfield code="d">OCL</subfield><subfield code="d">OCLCQ</subfield><subfield code="d">OCLCF</subfield><subfield code="d">OCLCO</subfield></datafield><datafield ind1="1" ind2=" " tag="029"><subfield code="a">AU@</subfield><subfield code="b">000020527231</subfield></datafield><datafield ind1=" " ind2=" " tag="037"><subfield code="b">Public Affairs Office, United States Army Western Command, Fort Shafter, HI 96858-5100</subfield></datafield><datafield ind1=" " ind2=" " tag="042"><subfield code="a">msc</subfield></datafield><datafield ind1=" " ind2=" " tag="043"><subfield code="a">n-us-hi</subfield></datafield><datafield ind1=" " ind2=" " tag="090"><subfield code="a">U766</subfield><subfield code="b">.H39</subfield></datafield><datafield ind1="0" ind2="0" tag="245"><subfield code="a">Hawaii Army weekly.</subfield></datafield><datafield ind1=" " ind2=" " tag="260"><subfield code="a">Fort Shafter, HI :</subfield><subfield code="b">Public Affairs Office of the United States Army Western Command</subfield></datafield><datafield ind1=" " ind2=" " tag="300"><subfield code="a">v. :</subfield><subfield code="b">ill. ;</subfield><subfield code="c">41 cm.</subfield></datafield><datafield ind1=" " ind2=" " tag="310"><subfield code="a">Weekly, except for two weeks during the holiday season</subfield></datafield><datafield ind1=" " ind2=" " tag="500"><subfield code="a">"An unofficial publication authorized under the provisions of AR 360-81."</subfield></datafield><datafield ind1=" " ind2=" " tag="580"><subfield code="a">Beginning in 1988, Military sun press (Kaneohe, Hawaii) issued during the holiday season when Hawaii army weekly is not published.</subfield></datafield><datafield ind1=" " ind2=" " tag="588"><subfield code="a">Description based on: Vol. 15, no. 18 (May 7, 1987).</subfield></datafield><datafield ind1=" " ind2="0" tag="650"><subfield code="a">Soldiers</subfield><subfield code="z">Hawaii</subfield><subfield code="v">Newspapers.</subfield></datafield><datafield ind1=" " ind2="0" tag="650"><subfield code="a">Military bases</subfield><subfield code="z">Hawaii</subfield><subfield code="v">Newspapers.</subfield></datafield><datafield ind1=" " ind2="0" tag="651"><subfield code="a">United States</subfield><subfield code="x">Armed Forces</subfield><subfield code="z">Hawaii</subfield><subfield code="v">Newspapers.</subfield></datafield><datafield ind1=" " ind2="7" tag="655"><subfield code="a">Newspapers.</subfield><subfield code="2">fast</subfield><subfield code="0">(OCoLC)fst01423814</subfield></datafield><datafield ind1=" " ind2="7" tag="650"><subfield code="a">Armed Forces.</subfield><subfield code="2">fast</subfield><subfield code="0">(OCoLC)fst00814586</subfield></datafield><datafield ind1=" " ind2="7" tag="650"><subfield code="a">Military bases.</subfield><subfield code="2">fast</subfield><subfield code="0">(OCoLC)fst01020986</subfield></datafield><datafield ind1=" " ind2="7" tag="650"><subfield code="a">Soldiers.</subfield><subfield code="2">fast</subfield><subfield code="0">(OCoLC)fst01125233</subfield></datafield><datafield ind1=" " ind2="7" tag="651"><subfield code="a">Hawaii.</subfield><subfield code="2">fast</subfield><subfield code="0">(OCoLC)fst01208724</subfield></datafield><datafield ind1=" " ind2="7" tag="651"><subfield code="a">United States.</subfield><subfield code="2">fast</subfield><subfield code="0">(OCoLC)fst01204155</subfield></datafield><datafield ind1="1" ind2=" " tag="710"><subfield code="a">United States.</subfield><subfield code="b">Army.</subfield><subfield code="b">Western Command.</subfield></datafield><datafield ind1=" " ind2=" " tag="752"><subfield code="a">United States</subfield><subfield code="b">Hawaii</subfield><subfield code="c">Honolulu</subfield><subfield code="d">Fort Shafter.</subfield></datafield><datafield ind1="0" ind2="1" tag="780"><subfield code="t">Hawaii Lightning news</subfield><subfield code="w">(DLC)sn 85047244</subfield><subfield code="w">(OCoLC)12778417</subfield></datafield><datafield ind1="1" ind2=" " tag="787"><subfield code="t">Military sun press (Kaneohe, Hawaii)</subfield><subfield code="w">(DLC)sn 91099205</subfield><subfield code="w">(OCoLC)23293856</subfield></datafield></record>